%% This BibTeX bibliography file was created using BibDesk.
%% http://bibdesk.sourceforge.net/


%% Created for Patric Jensfelt at 2014-08-23 22:39:14 +0200 


%% Saved with string encoding Unicode (UTF-8) 

@book{RussellNorvigAIBook3rd,
	Author = {Stuart J. Russell and Peter Norvig},
	Date-Added = {2014-08-23 20:37:06 +0000},
	Date-Modified = {2014-08-23 20:38:47 +0000},
	Edition = {3rd},
	Number = {ISBN 978-0-13-207148-2},
	Publisher = {Pearson Education},
	Title = {Artificial Intelligence - A Modern Approach},
	Year = {2010}}

@book{JurafskyBook,
	Author = {Jurafsky, Daniel and Martin, James H.},
	Title = {Speech and Language Processing: An Introduction to Natural Language Processing, Computational Linguistics, and Speech Recognition},
 	Year = {2000},
 	ISBN = {0130950696},
 	Edition = {1st},
	Publisher = {Prentice Hall PTR},
	Address = {Upper Saddle River, NJ, USA}} 

@book{BirdKleinLoper09,
  author = {Steven Bird and Ewan Klein and Edward Loper},
  title = {{Natural Language Processing with Python}},
  publisher = {O'Reilly Media},
  year = 2009
}

@article{brown1992class,
  title={Class-based n-gram models of natural language},
  author={Brown, Peter F and Desouza, Peter V and Mercer, Robert L and Pietra, Vincent J Della and Lai, Jenifer C},
  journal={Computational linguistics},
  volume={18},
  number={4},
  pages={467--479},
  year={1992},
  publisher={MIT Press}
}

@article{garay2006text,
  title={Text prediction systems: a survey},
  author={Garay-Vitoria, Nestor and Abascal, Julio},
  journal={Universal Access in the Information Society},
  volume={4},
  number={3},
  pages={188--203},
  year={2006},
  publisher={Springer}
}

%% Misc. stuff

@article{berger1996maximum,
  title={A maximum entropy approach to natural language processing},
  author={Berger, Adam L and Pietra, Vincent J Della and Pietra, Stephen A Della},
  journal={Computational linguistics},
  volume={22},
  number={1},
  pages={39--71},
  year={1996},
  publisher={MIT Press}
}

@incollection{gao2004long,
  title={Long distance dependency in language modeling: an empirical study},
  author={Gao, Jianfeng and Suzuki, Hisami},
  booktitle={Natural Language Processing--IJCNLP 2004},
  pages={396--405},
  year={2005},
  publisher={Springer}
}

@incollection{matiasek2002fasty,
  title={FASTYâ€”A multi-lingual approach to text prediction},
  author={Matiasek, Johannes and Baroni, Marco and Trost, Harald},
  booktitle={Computers helping people with special needs},
  pages={243--250},
  year={2002},
  publisher={Springer}
}

@article{iyer1999modeling,
  title={Modeling long distance dependence in language: Topic mixtures versus dynamic cache models},
  author={Iyer, Rukmini M and Ostendorf, Mari},
  journal={Speech and Audio Processing, IEEE Transactions on},
  volume={7},
  number={1},
  pages={30--39},
  year={1999},
  publisher={IEEE}
}

@inproceedings{heeman1999pos,
  title={POS tags and decision trees for language modeling},
  author={Heeman, Peter A},
  booktitle={Joint SIGDAT Conference on Empirical Methods in Natural Language Processing and Very Large Corpora},
  pages={129--137},
  year={1999}
}

@inproceedings{bickel2005predicting,
  title={Predicting sentences using n-gram language models},
  author={Bickel, Steffen and Haider, Peter and Scheffer, Tobias},
  booktitle={Proceedings of the conference on Human Language Technology and Empirical Methods in Natural Language Processing},
  pages={193--200},
  year={2005},
  organization={Association for Computational Linguistics}
}

@article{eng2004informatics,
  title={Informatics in Radiology (info RAD) Radiology Report Entry with Automatic Phrase Completion Driven by Language Modeling 1},
  author={Eng, John and Eisner, Jason M},
  journal={Radiographics},
  volume={24},
  number={5},
  pages={1493--1501},
  year={2004},
  publisher={Radiological Society of North America}
}

@inproceedings{jurafsky1995using,
  title={Using a stochastic context-free grammar as a language model for speech recognition},
  author={Jurafsky, Daniel and Wooters, Chuck and Segal, Jonathan and Stolcke, Andreas and Fosler, Eric and Tajchaman, G and Morgan, Nelson},
  booktitle={Acoustics, Speech, and Signal Processing, 1995. ICASSP-95., 1995 International Conference on},
  volume={1},
  pages={189--192},
  year={1995},
  organization={IEEE}
}
